@inproceedings{kurth_netcat:_2020,
	title = {{NetCAT}: {Practical} {Cache} {Attacks} from the {Network}},
	url = {Paper=https://download.vusec.net/papers/netcat_sp20.pdf Web=https://www.vusec.net/projects/netcat},
	booktitle = {S\&{P}},
	author = {Kurth, Michael and Gras, Ben and Andriesse, Dennis and Giuffrida, Cristiano and Bos, Herbert and Razavi, Kaveh},
	month = may,
	year = {2020},
	note = {Intel Bounty Reward},
	keywords = {class\_sidechannels, proj\_panta, proj\_react, proj\_unicore, type\_ast, type\_conf, type\_mscthesis, type\_press, type\_tier1, type\_top}
}

@inproceedings{osvik2006cache,
  title={Cache attacks and countermeasures: the case of AES},
  author={Osvik, Dag Arne and Shamir, Adi and Tromer, Eran},
  booktitle={Cryptographers’ track at the RSA conference},
  pages={1--20},
  year={2006},
  organization={Springer}
}

@inproceedings{yarom2014flush+,
  title={FLUSH+ RELOAD: a high resolution, low noise, L3 cache side-channel attack},
  author={Yarom, Yuval and Falkner, Katrina},
  booktitle={23rd $\{$USENIX$\}$ Security Symposium ($\{$USENIX$\}$ Security 14)},
  pages={719--732},
  year={2014}
}

@inproceedings{schwarz2018keydrown,
  title={KeyDrown: Eliminating Software-Based Keystroke Timing Side-Channel Attacks},
  author={Schwarz, Michael and Lipp, Moritz and Gruss, Daniel and Weiser, Samuel and Maurice, Cl{\'e}mentine and Spreitzer, Raphael and Mangard, Stefan},
  year={2018}
}

@inproceedings{liu2015last,
  title={Last-level cache side-channel attacks are practical},
  author={Liu, Fangfei and Yarom, Yuval and Ge, Qian and Heiser, Gernot and Lee, Ruby B},
  booktitle={2015 IEEE Symposium on Security and Privacy},
  pages={605--622},
  year={2015},
  organization={IEEE}
}

@techreport{intelddio,
    title="Intel® Data Direct I/O Technology (Intel® DDIO): A Primer",
    institution="Intel",
    year="2012"
}
